@book{main-book,
 author = {Pacheco, Peter},
 title = {An Introduction to Parallel Programming},
 year = {2011},
 isbn = {9780123742605},
 edition = {1st},
 publisher = {Morgan Kaufmann Publishers Inc.},
 address = {San Francisco, CA, USA},
} 

@misc{class-notes,
    author = {Teodoro, G. L. M.},
    title = {Programação Paralela, Notas de Aula},
    month = sep,
    year = {2014}
}

@misc{exercise,
    author = {Teodoro, G. L. M.},
    title = {Programação Paralela, Exercício de Programação 02, Pi de Monte Carlo},
    month = sep,
    year = {2014}
}

